@inbook{pancake-sort,
  author="William, H. Gates",
  title="Bounds for sorting by prefix reversal",
  publisher="-- Department of Electrical Engineering, University of California, BerkeleyNorth-Holland Publishhing Company, 1978. Pp. 47--57",
  chapter=2,
  language="english"
}

@inbook{radix-sort,
  author="Левитин, А. В. ",
  title="Алгоритмы: введение в разработку и анализ",
  publisher="-- М.: Издательский дом ``Вильямс``, 2006. -- 576 с.",
  chapter=2,
  language="russian"
}

@inbook{bst-sort,
  author="Акопов, Р.",
  title="Двоичные деревья поиска",
  publisher="-- М.: Оптим, RSDN Magazine [Электронный ресурс]",
  language="russian",
  year=2004,
  url="Режим доступа: \url{http://rsdn.org/article/alg/binstree.xml} (дата обращения: 12.10.2023)"
}

@misc{swift,
	title="Документация к Swift [Электронный ресурс].",
	howpublished="--- Режим доступа: \url{https://developer.apple.com/documentation/swift} (дата обращения: 12.09.2023)."}
@misc{cpu-time-measure,
	title="Измерение процессорного времени [Электронный ресурс].",
	howpublished="--- Режим доступа: \url{https://man7.org/linux/man-pages/man3/clock_gettime.3.html} (дата обращения: 14.09.2023)."}
@misc{macOS,
	title="Операционная система macOS. [Электронный ресурс].",
	howpublished="--- Режим доступа: \url{https://developer.apple.com/macos/} (дата обращения: 15.09.2023)."}
@misc{m1,
	title="Процессоры M1 [Электронный ресурс].",
	howpublished="--- Режим доступа: \url{https://developer.apple.com/documentation/apple-silicon} (дата обращения: 15.09.2023)."}
