@misc{bruteforce,
	author="Семёнов С. С., Педан А. В., Воловиков В. С., Климов И. С.",
	title="Анализ трудоёмкости различных алгоритмических подходов для решения задачи коммивояжёра ---  ООО «Корпорация «Интел Групп» [Электронный ресурс]",
	howpublished="Режим доступа: \url{https://cyberleninka.ru/article/n/analiz-trudoemkosti-razlichnyh-algoritmicheskih-podhodov-dlya-\
	resheniya-zadachi-kommivoyazhera} (дата обращения: 23.01.2023)"
}

@misc{task,
	author="Борознов В. О.",
	title="Исследование решения задачи коммивояжера. --- АГТУ, Вестник Астраханского государственного технического университета. [Электронный ресурс]",
	howpublished="Режим доступа: \url{https://cyberleninka.ru/article/n/issledovanie-resheniya-zadachi-kommivoyazhera/viewer} (дата обращения: 26.11.2023)"
}

@misc{swift,
	title="Документация к Swift [Электронный ресурс].",
	howpublished="--- Режим доступа: \url{https://developer.apple.com/documentation/swift} (дата обращения: 12.09.2023)."}
@misc{cpu-time-measure,
	title="Измерение процессорного времени [Электронный ресурс].",
	howpublished="--- Режим доступа: \url{https://man7.org/linux/man-pages/man3/clock_gettime.3.html} (дата обращения: 14.09.2023)."}
@misc{macOS,
	title="Операционная система macOS. [Электронный ресурс].",
	howpublished="--- Режим доступа: \url{https://developer.apple.com/macos/} (дата обращения: 15.09.2023)."}
@misc{m1,
	title="Процессоры M1 [Электронный ресурс].",
	howpublished="--- Режим доступа: \url{https://developer.apple.com/documentation/apple-silicon} (дата обращения: 15.09.2023)."}
