@inbook{levenshtein,
	author="Левенштейн В. И.",
	title="Двоичные коды с исправлением выпадений, вставок и замещений символов",
	publisher="--- М.: Издательство «Наука», Доклады АН СССР",
	volume=163,
	chapter=4,
	page="845--848",
	language="russian",
	year=1965
}

@misc{swift,
	title="Документация к Swift [Электронный ресурс].",
	howpublished="--- Режим доступа: \url{https://developer.apple.com/documentation/swift} (дата обращения: 12.09.2023)."}
@misc{cpu-time-measure,
	title="Измерение процессорного времени [Электронный ресурс].",
	howpublished="--- Режим доступа: \url{https://man7.org/linux/man-pages/man3/clock_gettime.3.html} (дата обращения: 14.09.2023)."}
@misc{macOS,
	title="Операционная система macOS. [Электронный ресурс].",
	howpublished="--- Режим доступа: \url{https://developer.apple.com/macos/} (дата обращения: 15.09.2023)."}
@misc{m1,
	title="Процессоры M1 [Электронный ресурс].",
	howpublished="--- Режим доступа: \url{https://developer.apple.com/documentation/apple-silicon} (дата обращения: 15.09.2023)."}
@misc{string,
	title="Структура String [Электронный ресурс].",
	howpublished="--- Режим доступа: \url{https://developer.apple.com/documentation/swift/string} (дата обращения: 15.09.2023)."}