@inbook{book_matrix,
	author="И. И. Баварин",
	title="Высшая математика: учебник по естественно-научным направлениям и специальностям.",
	publisher="--- М.: Гуманит. изд. центр ВЛАДОС",
	page="45--49",
	language="russian",
	year=2003
}

@inbook{book_vinograd,
	author="Д. Л. Головашкин",
	title="Векторные алгоритмы вычислительной линейной алгебры:
	учеб. пособие.",
	publisher="--- Самара: Изд-во Самарского университета",
	pages="28-35",
	language="russian",
	year=2019
}

@misc{swift,
	title="Документация к Swift [Электронный ресурс].",
	howpublished="--- Режим доступа: \url{https://developer.apple.com/documentation/swift} (дата обращения: 12.09.2023)."}
@misc{cpu-time-measure,
	title="Измерение процессорного времени [Электронный ресурс].",
	howpublished="--- Режим доступа: \url{https://man7.org/linux/man-pages/man3/clock_gettime.3.html} (дата обращения: 14.09.2023)."}
@misc{macOS,
	title="Операционная система macOS. [Электронный ресурс].",
	howpublished="--- Режим доступа: \url{https://developer.apple.com/macos/} (дата обращения: 15.09.2023)."}
@misc{m1,
	title="Процессоры M1 [Электронный ресурс].",
	howpublished="--- Режим доступа: \url{https://developer.apple.com/documentation/apple-silicon} (дата обращения: 15.09.2023)."}
