@misc{search,
	title="Исследование алгоритмов точного поиска подстроки в строке [Электронный ресурс].",
	howpublished="--- Режим доступа: \url{https://cyberleninka.ru/article/n/issledovanie-algoritmov-tochnogo-poiska-podstroki-v-stroke} (дата обращения: 18.12.2023)."}
@misc{intro,
	title="Обзор методов информационного поиска [Электронный ресурс].",
	howpublished="--- Режим доступа: \url{https://cyberleninka.ru/article/n/obzor-metodov-informatsionnogo-poiska/viewer} (дата обращения: 18.12.2023)."}
@misc{swift,
	title="Документация к Swift [Электронный ресурс].",
	howpublished="--- Режим доступа: \url{https://developer.apple.com/documentation/swift} (дата обращения: 12.09.2023)."}
@misc{cpu-time-measure,
	title="Измерение процессорного времени [Электронный ресурс].",
	howpublished="--- Режим доступа: \url{https://man7.org/linux/man-pages/man3/clock_gettime.3.html} (дата обращения: 14.09.2023)."}
@misc{macOS,
	title="Операционная система macOS. [Электронный ресурс].",
	howpublished="--- Режим доступа: \url{https://developer.apple.com/macos/} (дата обращения: 15.09.2023)."}
@misc{m1,
	title="Процессоры M1 [Электронный ресурс].",
	howpublished="--- Режим доступа: \url{https://developer.apple.com/documentation/apple-silicon} (дата обращения: 15.09.2023)."}
